<record xmlns="http://www.loc.gov/MARC21/slim" xmlns:xsi="http://www.w3.org/2001/XMLSchema-instance" xsi:schemaLocation="http://www.loc.gov/MARC21/slim http://www.loc.gov/standards/marcxml/schema/MARC21slim.xsd"><leader>00626cz   2200169n  4500</leader><controlfield tag="001">oca01464070 </controlfield><controlfield tag="005">19920730100334.9</controlfield><controlfield tag="008">851224n| acannaab|          |a aaa ||| c</controlfield><datafield ind1=" " ind2=" " tag="010"><subfield code="a">n  85215659 </subfield></datafield><datafield ind1=" " ind2=" " tag="040"><subfield code="a">InU</subfield><subfield code="c">DLC</subfield><subfield code="d">DLC</subfield></datafield><datafield ind1="0" ind2=" " tag="100"><subfield code="a">Censorinus.</subfield></datafield><datafield ind1="0" ind2=" " tag="400"><subfield code="a">Censorini</subfield></datafield><datafield ind1=" " ind2=" " tag="670"><subfield code="a">His Censorini De die natali liber, 1867.</subfield></datafield><datafield ind1=" " ind2=" " tag="670"><subfield code="a">Lemprière, J. Lemprière's classical dict., 1949</subfield><subfield code="b">(Censorinus; grammarian of the 3rd cent.)</subfield></datafield><datafield ind1=" " ind2=" " tag="670"><subfield code="a">LC class sched.: PA6277.C4</subfield><subfield code="b">(Censorinus, fl. 238 A.D.)</subfield></datafield><datafield ind1=" " ind2=" " tag="670"><subfield code="a">LC data base, 11/24/85</subfield><subfield code="b">(hdg.: Censorinus)</subfield></datafield><datafield ind1=" " ind2=" " tag="670"><subfield code="a">His De die natali liber ad Q. Cærellivm, 1991:</subfield><subfield code="b">t.p. (Censorini)</subfield></datafield></record>